@ARTICLE{farrell2009,
  author = {Farrell, P. E. and Piggott, M. D. and Pain, C. C. and Gorman, G.
	J. and Wilson, C. R.},
  title = {{Conservative interpolation between unstructured meshes via supermesh
	construction}},
  journal = {Computer Methods in Applied Mechanics and Engineering},
  year = {2009},
  volume = {198},
  pages = {2632--2642}
}

@PHDTHESIS{farrell2009a,
  author = {Farrell, P. E.},
  title = {{Galerkin projection of discrete fields via supermesh construction}},
  school = {Imperial College London},
  year = {2009}
}

@ARTICLE{farrell2011,
  author = {Farrell, P. E. and Maddison, J. R.},
  title = {{Conservative interpolation between volume meshes by local Galerkin
	projection}},
  journal = {Computer Methods in Applied Mechanics and Engineering},
  year = {2011},
  volume = {200},
  pages = {89--100},
  number = {1-4}
}
